<record xmlns="http://www.loc.gov/MARC21/slim" xmlns:xsi="http://www.w3.org/2001/XMLSchema-instance" xsi:schemaLocation="http://www.loc.gov/MARC21/slim http://www.loc.gov/standards/marcxml/schema/MARC21slim.xsd"><leader>     nam a22        4500</leader><controlfield tag="001">3131655</controlfield><controlfield tag="003">NNC</controlfield><controlfield tag="006">m        d        </controlfield><controlfield tag="007">cr cn |||m|||a</controlfield><controlfield tag="008">150601s1888    ua      o     000 0 ara d</controlfield><datafield ind1=" " ind2=" " tag="040"><subfield code="a">NNU</subfield><subfield code="b">eng</subfield><subfield code="e">rda</subfield><subfield code="c">NNU</subfield></datafield><datafield ind1=" " ind2=" " tag="090"><subfield code="a">PJ7541</subfield><subfield code="b">.K45 1888</subfield></datafield><datafield ind1="1" ind2=" " tag="100"><subfield code="6">880-01</subfield><subfield code="a">Khafa&#772;ji&#772;, Ah&#803;mad ibn Muh&#803;ammad,</subfield><subfield code="d">1571 or 1572-1659.</subfield></datafield><datafield ind1="1" ind2="0" tag="240"><subfield code="6">880-02</subfield><subfield code="a">Rayh&#803;a&#772;nat al-alibba&#772;&#700; wa-zahrat al-h&#803;aya&#772;h al-dunya&#772;</subfield></datafield><datafield ind1="1" ind2="0" tag="245"><subfield code="6">880-03</subfield><subfield code="a">Ha&#772;dha&#772; kita&#772;b Rayh&#803;a&#772;nat al-alibba&#772;&#700; wa-zahrat al-h&#803;aya&#772;h al-dunya&#772; /</subfield><subfield code="c">li-Shiha&#772;b al-Di&#772;n Mah&#803;mu&#772;d al-Khafa&#772;ji&#772;.</subfield></datafield><datafield ind1="3" ind2=" " tag="246"><subfield code="6">880-04</subfield><subfield code="a">Rayh&#803;a&#772;nat al-alibba&#772; wa-zahrat al-h&#803;aya&#772;h al-dunya&#772;</subfield></datafield><datafield ind1=" " ind2=" " tag="260"><subfield code="6">880-05</subfield><subfield code="a">[Cairo],</subfield><subfield code="c">[1306, 1888]</subfield></datafield><datafield ind1=" " ind2=" " tag="300"><subfield code="a">online resource (422, 7 pages)</subfield></datafield><datafield ind1=" " ind2=" " tag="336"><subfield code="a">text</subfield><subfield code="2">rdacontent</subfield></datafield><datafield ind1=" " ind2=" " tag="337"><subfield code="a">computer</subfield><subfield code="2">rdamedia</subfield></datafield><datafield ind1=" " ind2=" " tag="338"><subfield code="a">online resource</subfield><subfield code="2">rdacarrier</subfield></datafield><datafield ind1=" " ind2=" " tag="500"><subfield code="a">Part of the Arabic Collections Online (ACO) project, contributed by Columbia University Libraries.</subfield></datafield><datafield ind1=" " ind2=" " tag="533"><subfield code="a">Electronic reproduction.</subfield><subfield code="b">New York, N.Y. :</subfield><subfield code="c">New York University,</subfield><subfield code="d">2015.</subfield><subfield code="5">NNU</subfield></datafield><datafield ind1=" " ind2="0" tag="650"><subfield code="a">Poets, Arab.</subfield></datafield><datafield ind1=" " ind2="0" tag="650"><subfield code="a">Arabic poetry.</subfield></datafield><datafield ind1=" " ind2="7" tag="650"><subfield code="a">Arabic poetry.</subfield><subfield code="2">fast</subfield><subfield code="0">(OCoLC)fst00812533</subfield></datafield><datafield ind1=" " ind2="7" tag="650"><subfield code="a">Poets, Arab.</subfield><subfield code="2">fast</subfield><subfield code="0">(OCoLC)fst01067812</subfield></datafield><datafield ind1="2" ind2=" " tag="710"><subfield code="a">Columbia University.</subfield><subfield code="b">Libraries.</subfield></datafield><datafield ind1="0" ind2=" " tag="730"><subfield code="a">Arabic Collections Online.</subfield></datafield><datafield ind1="0" ind2="8" tag="776"><subfield code="i">Online version:</subfield><subfield code="a">Khafa&#772;ji&#772;, Ah&#803;mad ibn Muh&#803;ammad, 1571 or 2-1659.</subfield><subfield code="s">Rayh&#803;a&#772;nat al-alibba&#772; wa-zahrat al-h&#803;aya&#772;h al-dunya&#772;.</subfield><subfield code="t">Ha&#772;dha&#772; kita&#772;b Rayh&#803;a&#772;nat al-alibba&#772; wa-zahrat al-h&#803;aya&#772;h al-dunya&#772;.</subfield><subfield code="d">[Cairo, 1306, 1888]</subfield><subfield code="w">(OCoLC)586382771</subfield></datafield><datafield ind1="0" ind2="8" tag="776"><subfield code="i">Print version:</subfield><subfield code="a">Khafa&#772;ji&#772;, Ah&#803;mad ibn Muh&#803;ammad, 1571 or 1572-1659.</subfield><subfield code="t">Ha&#772;dha&#772; kita&#772;b Rayh&#803;a&#772;nat al-alibba&#772;&#700; wa-zahrat al-h&#803;aya&#772;h al-dunya&#772;</subfield><subfield code="w">(NNC)3131655</subfield><subfield code="w">(OCoLC)31238880</subfield></datafield><datafield ind1="4" ind2="0" tag="856"><subfield code="u">http://hdl.handle.net/2333.1/n02v709p</subfield></datafield><datafield ind1="1" ind2=" " tag="880"><subfield code="6">100-01/r</subfield><subfield code="a">&#1582;&#1601;&#1575;&#1580;&#1610;&#1548; &#1575;&#1581;&#1605;&#1583; &#1576;&#1606; &#1605;&#1581;&#1605;&#1583;&#1548;</subfield><subfield code="d">1571 or 1572-1659.</subfield></datafield><datafield ind1="1" ind2="0" tag="880"><subfield code="6">240-02/r</subfield><subfield code="a">&#1585;&#1610;&#1581;&#1575;&#1606;&#1577; &#1575;&#1604;&#1571;&#1604;&#1576;&#1575;&#1569; &#1608;&#1586;&#1607;&#1585;&#1577; &#1575;&#1604;&#1581;&#1610;&#1575;&#1577; &#1575;&#1604;&#1583;&#1606;&#1610;&#1575;</subfield></datafield><datafield ind1="1" ind2="0" tag="880"><subfield code="6">245-03/r</subfield><subfield code="a">&#1607;&#1575;&#1584;&#1575; &#1603;&#1578;&#1575;&#1576; &#1585;&#1610;&#1581;&#1575;&#1606;&#1577; &#1575;&#1604;&#1571;&#1604;&#1576;&#1575;&#1569; &#1608;&#1586;&#1607;&#1585;&#1577; &#1575;&#1604;&#1581;&#1610;&#1575;&#1577; &#1575;&#1604;&#1583;&#1606;&#1610;&#1575; /</subfield><subfield code="c">&#1604;&#1588;&#1607;&#1575;&#1576; &#1575;&#1604;&#1583;&#1610;&#1606; &#1605;&#1581;&#1605;&#1608;&#1583; &#1575;&#1604;&#1582;&#1601;&#1575;&#1580;&#1610;.</subfield></datafield><datafield ind1="3" ind2=" " tag="880"><subfield code="6">246-04/r</subfield><subfield code="a">&#1585;&#1610;&#1581;&#1575;&#1606;&#1577; &#1575;&#1604;&#1575;&#1604;&#1576;&#1575; &#1608;&#1586;&#1607;&#1585;&#1577; &#1575;&#1604;&#1581;&#1610;&#1575;&#1607; &#1575;&#1604;&#1583;&#1606;&#1610;&#1575;</subfield></datafield><datafield ind1=" " ind2=" " tag="880"><subfield code="6">260-05/r</subfield><subfield code="a">[&#1575;&#1604;&#1602;&#1575;&#1607;&#1585;&#1577;] :</subfield><subfield code="b">[s.n.]&#1548;</subfield><subfield code="c">&#1633;&#1635;&#1632;&#1638; [&#1633;&#1640;&#1640;&#1640;]</subfield></datafield><datafield ind1=" " ind2=" " tag="959"><subfield code="a">NNU</subfield><subfield code="b">WEB</subfield><subfield code="c">GENI</subfield><subfield code="t">0</subfield><subfield code="m">Electronic access</subfield><subfield code="s">01</subfield></datafield><datafield ind1=" " ind2=" " tag="999"><subfield code="i">NNC_3131655</subfield><subfield code="o">(OCoLC)ocm31238880</subfield><subfield code="s">columbia_aco000464</subfield><subfield code="e">(ERROR-880)</subfield><subfield code="s">columbia_aco000464</subfield></datafield></record>